@techreport {CHARM,
   AUTHOR = {Bafna, Vineet and Berman, Piotr and Fujito, Toshihiro},
    TITLE = {Constant Ratio Approximations of Feedback Vertex Sets
            in Weighted Undirected Graphs},
INSTITUTION = {DIMACS},
 ADDRESS  = {Piscataway, NJ},
     YEAR = {1996},
   NUMBER = {TR-96-29}
}
