@inproceedings{Ghiya96,
  author    = {Rakesh Ghiya and
               Laurie J. Hendren},
  title     = {Is it a {Tree}, a {DAG}, or a {Cyclic} Graph? A Shape Analysis
               for Heap-Directed Pointers in {C}},
  booktitle = {POPL '96},
  OPTmonth	    = "January", 
  OPTyear      = {1996},
  OPTpages     = {1-15},
  OPTee        = {http://doi.acm.org/10.1145/237721.237724},
  OPTbibsource = {DBLP, http://dblp.uni-trier.de}
}
@TECHREPORT{Sandeep11thesis,
    author = {Sandeep Dasgupta},
    title = {Precise Shape Analysis using Field Sensitivity},
    institution = {Master's thesis, IIT Kanpur},
	note = {\url{http://www.cse.iitk.ac.in/users/karkare/MTP/2010-11/sandeep2010precise.pdf}},
    year = {2011}
}

@inproceedings{Sandeep,
  author    = {Sandeep Dasgupta and
               Dr.Amey Karkare},
  title     = {Precise Shape Analysis using Field Sensitivity},
}


@misc{plugin,
note = {\url{http://gcc.gnu.org/wiki/plugins}}
}





