@book{Muchnick97,
  author    = {Steven S. Muchnick},
  title     = {Advanced Compiler Design and Implementation},
  year		= {1997},
  publisher = {Morgan Kaufmann},
  address	= {340 Pine Street, Sixth Floor, San Francisco}
  }

@book{Cooper05,
  author    = {Keith Cooper, and Linda Torczon},
  title     = {Engineering a Compiler},
  year		= {2005},
  publisher = {Morgan Kaufmann},
  address	= {340 Pine Street, Sixth Floor, San Francisco}
  }
  
@book{Khedker09,
  author    = {Uday P. Khedker and Amitabha Sanyal and Bageshri Karkare},
  title     = {Data Flow Analysis Theory and Practice},
  year		= {2009},
  publisher = {CRC Press},
  address	= {Taylor \& Francis Group, 6000 Broken Sound Parkway NW, Suite 300}
  }
  
@inproceedings{Ghiya96,
  author    = {Rakesh Ghiya and
               Laurie J. Hendren},
  title     = {Is it a {Tree}, a {DAG}, or a {Cyclic} Graph? A Shape Analysis
               for Heap-Directed Pointers in {C}},
 booktitle = {Proceedings of the 23rd ACM SIGPLAN-SIGACT symposium on Principles of programming languages},
  month	    = "January", 
  year      = {1996},
  pages     = {1-15},
  ee        = {http://doi.acm.org/10.1145/237721.237724},
  bibsource = {DBLP, http://dblp.uni-trier.de}
}

@article{Lamport1974parallel,
 author = {Lamport, Leslie},
 title = {The parallel execution of DO loops},
 journal = {Commun. ACM},
 volume = {17},
 issue = {2},
 month = {February},
 year = {1974},
 issn = {0001-0782},
 pages = {83--93},
 numpages = {11},
 url = {http://doi.acm.org/10.1145/360827.360844},
 doi = {http://doi.acm.org/10.1145/360827.360844},
 acmid = {360844},
 publisher = {ACM},
 address = {New York, NY, USA},
 keywords = {array computers, loops, multiprocessor computers, parallel computing, vector computers},
} 

@book{Kennedy01Optimizing,
 author = {Kennedy, Ken and Allen, John R.},
 title = {Optimizing compilers for modern architectures: a dependence-based approach},
 year = {2002},
 isbn = {1-55860-286-0},
 publisher = {Morgan Kaufmann Publishers Inc.},
 address = {San Francisco, CA, USA},
} 

@inproceedings{Lam92,
  author    = {Dror Maydan John, and John L. Hennessy, and Monica S. Lam},
  title     = {Effectiveness of data dependence analysis},
 booktitle = {Proceedings of the NSF-NCRD Workshop on Advanced
Compilation Techniques for Novel Architectures,},
  year      = {1992},
}
@inproceedings{Maydan91,
  author    = {Dror Maydan John, and John L. Hennessy, and Monica S. Lam},
  title     = {Efficient and exact data dependence analysis},
 booktitle = {Proceedings of the ACM SIGPLAN`91 Conference on Programming Language Design and Implementation},
  year      = {1991},
  volume = {26(6)},
  pages     = {1--14},
}

@article{Kam76globaldata,
    author = {John B. Kam and Jeffrey D. Ullman},
    title = {Global data flow analysis and iterative algorithms},
    journal = {Journal of the ACM},
    year = {1976},
    volume = {23},
    pages = {158--171}
}

@inproceedings{Sagiv99Parametric,
 author = {Sagiv, Mooly and Reps, Thomas and Wilhelm, Reinhard},
 title = {Parametric shape analysis via 3-valued logic},
 booktitle = {Proceedings of the 26th ACM SIGPLAN-SIGACT symposium on Principles of programming languages},
 series = {POPL '99},
 year = {1999},
 isbn = {1-58113-095-3},
 location = {San Antonio, Texas, United States},
 pages = {105--118},
 numpages = {14},
 url = {http://doi.acm.org/10.1145/292540.292552},
 doi = {http://doi.acm.org/10.1145/292540.292552},
 acmid = {292552},
 publisher = {ACM},
 address = {New York, NY, USA},
} 

@article{Sagiv02parametric,
 author = {Sagiv, Mooly and Reps, Thomas and Wilhelm, Reinhard},
 title = {Parametric shape analysis via 3-valued logic},
 journal = {ACM Trans. Program. Lang. Syst.},
 volume = {24},
 issue = {3},
 month = {May},
 year = {2002},
 issn = {0164-0925},
 pages = {217--298},
 numpages = {82},
 url = {http://doi.acm.org/10.1145/514188.514190},
 doi = {http://doi.acm.org/10.1145/514188.514190},
 acmid = {514190},
 publisher = {ACM},
 address = {New York, NY, USA},
 keywords = {3-valued logic, Abstract interpretation, alias analysis, constraint solving, destructive updating, pointer analysis, shape analysis, static analysis},
} 

@article{wolf91loop,
 author = {Wolf, M. E. and Lam, M. S.},
 title = {A Loop Transformation Theory and an Algorithm to Maximize Parallelism},
 journal = {IEEE Trans. Parallel Distrib. Syst.},
 volume = {2},
 issue = {4},
 month = {October},
 year = {1991},
 issn = {1045-9219},
 pages = {452--471},
 numpages = {20},
 url = {http://dx.doi.org/10.1109/71.97902},
 doi = {http://dx.doi.org/10.1109/71.97902},
 acmid = {629057},
 publisher = {IEEE Press},
 address = {Piscataway, NJ, USA},
 keywords = {Index Termsparallel algorithm, canonical form, coarse grain parallelism, coarsest fully permutable loop nests, code transformation, compound transformations, dependence vectors, fine-grain parallelism, fully permutable nests, general loops, heuristics, legality, lexicographically positive, loop iterations, loop transformation theory, maximum degree, parallel algorithms, parallel programming, precedence constraints, program compilers, wavefront},
}

@article{Allen87automatic,
 author = {Allen, Randy and Kennedy, Ken},
 title = {Automatic translation of FORTRAN programs to vector form},
 journal = {ACM Trans. Program. Lang. Syst.},
 volume = {9},
 issue = {4},
 month = {October},
 year = {1987},
 issn = {0164-0925},
 pages = {491--542},
 numpages = {52},
 url = {http://doi.acm.org/10.1145/29873.29875},
 doi = {http://doi.acm.org/10.1145/29873.29875},
 acmid = {29875},
 publisher = {ACM},
 address = {New York, NY, USA},
} 

@MISC{Banerjee93automatic,
    author = {Utpal Banerjee and Rudolf Eigenmann and Alexandru Nicolau and David A. Padua},
    title = {Automatic Program Parallelization},
    year = {1993}
}

@inproceedings{horwitz89dependence,
 author = {Horwitz, S. and Pfeiffer, P. and Reps, T.},
 title = {Dependence analysis for pointer variables},
 booktitle = {Proceedings of the ACM SIGPLAN 1989 Conference on Programming language design and implementation},
 series = {PLDI '89},
 year = {1989},
 isbn = {0-89791-306-X},
 location = {Portland, Oregon, United States},
 pages = {28--40},
 numpages = {13},
 url = {http://doi.acm.org/10.1145/73141.74821},
 doi = {http://doi.acm.org/10.1145/73141.74821},
 acmid = {74821},
 publisher = {ACM},
 address = {New York, NY, USA},
} 

@article{Hendren90parallel,
 author = {Hendren, L. J. and Nicolau, A.},
 title = {Parallelizing Programs with Recursive Data Structures},
 journal = {IEEE Trans. Parallel Distrib. Syst.},
 volume = {1},
 issue = {1},
 month = {January},
 year = {1990},
 issn = {1045-9219},
 pages = {35--47},
 numpages = {13},
 url = {http://portal.acm.org/citation.cfm?id=628891.628976},
 doi = {10.1109/71.80123},
 acmid = {628976},
 publisher = {IEEE Press},
 address = {Piscataway, NJ, USA},
 keywords = {Index Termsautomatic parallelization, accessible nodes, data structures, directed acyclic graphs, directed graphs, disambiguation techniques, dynamic data structures, dynamically updatable trees, imperative language, imperative programs, interference, interference analysis tools, parallel programming, parallel programming languages, parallelization techniques, parallelizing compilers, program compilers, recursive data structures, regular-expression-like representation, trees (mathematics)},
} 

@article{Hwang03Identify,
 author = {Hwang, Yuan-Shin and Saltz, Joel H.},
 title = {Identifying parallelism in programs with cyclic graphs},
 journal = {J. Parallel Distrib. Comput.},
 volume = {63},
 issue = {3},
 month = {March},
 year = {2003},
 issn = {0743-7315},
 pages = {337--355},
 numpages = {19},
 url = {http://portal.acm.org/citation.cfm?id=846077.846086},
 doi = {10.1016/S0743-7315(02)00026-6},
 acmid = {846086},
 publisher = {Academic Press, Inc.},
 address = {Orlando, FL, USA},
} 

@incollection {ghiya98detecting,
   author = {Ghiya, Rakesh and Hendren, Laurie and Zhu, Yingchun},
   affiliation = {McGill University School of Computer Science H3A 2A7 Montreal Canada H3A 2A7 Montreal Canada},
   title = {Detecting parallelism in C programs with recursive data structures},
   booktitle = {Compiler Construction},
   series = {Lecture Notes in Computer Science},
   editor = {Koskimies, Kai},
   publisher = {Springer Berlin / Heidelberg},
   isbn = {},
   pages = {159-173},
   volume = {1383},
   url = {http://dx.doi.org/10.1007/BFb0026429},
   note = {10.1007/BFb0026429},
   year = {1998}
}

@inproceedings {navarro04dependence,
   author = {Navarro, A. and Corbera, F. and Asenjo, R. and Tineo, A. and Plata, O. and Zapata, E.},
   title = {A New Dependence Test Based on Shape Analysis for Pointer-Based Codes},
   booktitle = {the 17th International Workshop on Languages and Compilers for Parallel Computing 
   (LCPC '04)},
   month = {September},
   year = {2004}
}

@inproceedings{Jones82,
 author = {Neil D. Jones, and Steven S. Muchnick},
 title = {A flexible approach to interprocedural data flow analysis and programs 
 with recursive data structures},
  booktitle = {Proceedings of the 9th ACM SIGPLAN-SIGACT symposium on Principles 
  of programming languages},
 series = {POPL '82},
 year = {1982},
 isbn = {0-89791-065-6},
 location = {New York, NY, USA},
 pages = {66--74},
} 

@inbook{Jones81,
  author    = {Neil D. Jones, and Steven S. Muchnick},
  title     = {Program flow analysis, theory and applications},
  chapter   = {4, Flow analysis and optimizations of lisp-like structures},
  pages     = {102--131},
  year		= {1981},
  publisher = {Prentice-Hall},
}

@inproceedings{Assmann93interproceduralheap,
    author = {Uwe Assmann and Markus Weinhardt},
    title = {Interprocedural Heap Analysis for Parallelizing Imperative Programs},
    booktitle = {Programming Models For Massively Parallel Computers},
    month = {September},
    year = {1993},
    pages = {74--82},
    publisher = {IEEE Press},
    address={Washington, DC}
}

@inproceedings{Chase90,
  author    = {David R. Chase, and Mark Wegman, and 
               F. Kenneth Zadeck},
  title     = {Analysis of pointers and structures},
 booktitle = {Proceedings of the ACM SIGPLAN 1990 conference on Programming language design and implementation},
  month	    = "June", 
  year      = {1990},
  pages     = {296--310},
}

@inproceedings{Hummel94ageneral,
    author = {Joseph Hummel and Laurie Hendren and Alexandru Nicolau},
    title = {A General Data Dependence Test for Dynamic, Pointer-Based Data Structures},
    booktitle = {In Proc. ACM PLDI},
    year = {1994},
    pages = {218--229}
}

@inproceedings{Navarro05loop,
    author = {A. Tineo, and F. Corbera, and A. Navarro, and E. L. Zapata},
    title = {A Novel Approach for Detecting Heap-Based Loop-Carried Dependences},
    booktitle = {Proceedings of the 2005 International Conference on Parallel Processing
     (ICPP '05)},
    month = {June},
    year = {2005}
}

@inproceedings{Kapur08,
    author = {M. Marron, and D. Stefanovic, and D. Kapur, and M. Hermenegildo},
    title = {Identification of heap-carried data dependence via explicit store heap models},
    booktitle = {Languages and Compilers for Parallel Computing (LCPC '08)},
    year = {2008}
}

@inproceedings{Navarro08irregular,
    author = {R. Asenjo, and R. Castillo, and F. Corbera, and A. Navarro, and A. Tineo, and E. Zapata},
    title = {Parallelizing irregular {C} codes assisted by interprocedural shape analysis},
    booktitle = {2nd IEEE International Parallel \& Distributed Processing Symposium (IPDPS '08)},
    month = {April},
    year = {2008}
}

@phdthesis{Hendrenthesis,
	author = {L. Hendren},
	title = {Parallelizing programs with recursive data structures},
	school = {Cornell Univ.},
	address = {Ithaca, NY},
	month = {Jan.},
	year = {1990},
}

@inproceedings{Larus88,
    author = {James R. Larus, and N. Hilfinger},
    title = {Detecting conflicts between structure accesses},
    booktitle = {Proceedings of the SIGPLAN 1988 Conference on Programming Language Design and Implementation},
    month = {June},
    year = {1988}
    pages = {21--34},
    publisher = {ACM},
    address={Atlanta, GA},
     url = {http://doi.acm.org/10.1145/53990.53993}
}

@incollection {Plevyak93analysisof,
   author = {John Plevyak, and Andrew A. Chien, and Vijay Karamcheti },
   title = {Analysis of Dynamic Structures for Efficient Parallel Execution},
   booktitle = {Languages and Compilers for Parallel Computing},
   series = {Lecture Notes in Computer Science},
   editor = {U. Banerjee, and D. Gelernter, and A. Nicolau, D. Padua},
   publisher = {Springer-Verlag},
   address = {Portland, OR},
   isbn = {},
   pages = {37--57},
   volume = {768},
   month = {August},
   year = {1993}
}

@inproceedings{Ross98buildinga,
    author = {John L. Ross and Mooly Sagiv},
    title = {Building a Bridge between Pointer Aliases and Program Dependences},
    booktitle = {Proceedings of the 1998 European Symposium on Programming},
    month = {March},
    year = {1998},
    volume = {8},
    pages = {221--235}
}

@mastersthesis{sandeep,
	author = {Sandeep Dasgupta},
	title = {Precise shape analysis using field sensitivity},
	school = {Indian Institute of Technology},
	address = {Kanpur, India},
	year = {2011}
}

@inproceedings{Hendren92abstractionsfor,
    author = {Laurie Hendren and Joseph Hummel and Alexandru Nicolau},
    title = {Abstractions for Recursive Pointer Data Structures: Improving the Analysis and Transformation of Imperative Programs},
    booktitle = {Proceedings of the ACM SIGPLAN '92 Conference on Programming Languages Design and 
    Implementation},
    pages = {249--260},
    month = {June},
    year = {1992}
}

@mastersthesis{Ghiyamasters,
	author = {R. Ghiya},
	title = {Practical techniques for interprocedural heap analysis for {C}},
	school = {School of Computer Science, mcGill Univ.},
	month = {May},
	year ={1995}
}
	
@article{Ghiya95connectionanalysis:,
    author = {Rakesh Ghiya and Laurie Hendren},
    title = {Connection Analysis: A Practical Interprocedural Heap Analysis for {C}},
    journal = {International Journal of Parallel Programming},
    year = {1995},
    volume = {24}
}

@inproceedings{Cooper02,
    author = {K. D. Cooper, and T. J. Harvey, and K. Kennedy},
    title = {Iterative dataflow analysis, revisited},
    booktitle = {Proceedings of the PLDI '02},
    month = {November},
    year = {2002},
}

@article{Padua86,
 author = {Davis A. Padua, and Michael J. Wolfe},
 title = {Advanced compiler optimizations for supercomputers},
 journal = {Communications of the ACM - Special issue on parallelism},
 volume = {29},
 issue = {12},
 month = {December},
 year = {1986},
 pages = {1184--1201},
 doi = {doi:10.1145/7902.7904},
 publisher = {ACM},
 address = {New York, NY, USA}
} 

@inproceedings{Kapur06shape,
    author = {M. Marron, and D. Kapur, and D. Stefanovic, and M. Hermenegildo},
    title = {A static heap analysis for shape and connectivity},
    booktitle = {Languages and Compilers for Parallel Computing (LCPC '06)},
    year = {2006}
}

@inproceedings{Raza09,
    author = {Mohammad Raza, and Crisitano Calcagno, and Philippa Gardner},
    title = {Automatic Parallelization with Separation Logic},
    booktitle = {European Symposium on Programming},
    month = {march},
    year = {2009},
    publisher = {Springer-Verlag}
}

@inproceedings{Sagiv96solvingshape-analysis,
    author = {Mooly Sagiv and Thomas Reps and Reinhard Wilhelm},
    title = {Solving Shape-Analysis Problems in Languages with Destructive Updating},
    booktitle = {proceedings of the 23rd ACM SIGPLAN-SIGACT symposium on Principles of Programming Languages},
    year = {1996},
    publisher = {ACM}
}

@article{Mooly,
 author = {Mooly Sagiv and Thomas Reps and Reinhard Wilhelm},
 title = {Solving Shape-Analysis Problems in Languages with Destructive Updating},
 journal = {ACM Transactions on Programming Languages and Systems (TOPLAS)},
 volume = {20},
 issue = {1},
 month = {January},
 year = {1998},
 pages = {1-50},
 publisher = {ACM},
 address = {New York, NY, USA},
} 